%% This BibTeX bibliography file was created using BibDesk.
%% http://bibdesk.sourceforge.net/

%% Created for Chris at 2017-03-29 19:07:05 -0700 
%% Saved with string encoding Unicode (UTF-8) 

%examples
	% \citet{key}				Jones et al. (1990)
	% \citet*{key}				Jones, Baker, and Smith (1990)
	% \citep{key}				(Jones et al. 1990)
	% \citep*{key}				(Jones, Baker, and Smith 1990)
	% \citep[p.~99]{key}		(Jones et al., 1990, p. 99)
	% \citep[e.g.][]{key}		(e.g. Jones et al., 1990)
	% \citep[e.g.][p.~99]{key}	(e.g. Jones et al., 1990, p. 99)
	% \citeauthor{key}			Jones et al.
	% \citeauthor*{key}			Jones, Baker, and Smith
	% \citeyearNP{key}			1990
	% \citeapos{key}*			Jones et al.'s (1990)

% ref issues    
    % "akamastu1985"
    % "greer2017"
    % "heuttig2016"
    % "hickock2011"
    % "hickok20100"
    % "hoseman2013"
    % "mandel1985"
    % "meir2006"
    % "vine2006"
    % "vine2008a"
    % "vine2008b"

article{akamatsu1985,
  crossref = {akamatsu1985}}

article{akamastu1985,
  crossref = {akamatsu1985}}

@article{akamastu1985,
  title={Fingerspelling formulae: A word is more or less than the sum of its letters},
  author={Akamatsu, Carol T},
  journal={SLR},
  volume={83},
  pages={126--132},
  year={1985}}

@article{aramaki2006,
  title={Suppression of the non-dominant motor cortex during bimanual symmetric finger movement: a functional magnetic resonance imaging study},
  author={Aramaki, Yu and Honda, Manabu and Sadato, Norihiro},
  journal={Neuroscience},
  volume={141},
  number={4},
  pages={2147--2153},
  year={2006},
  publisher={Elsevier}}

@article{allopenna1998,
  title={Tracking the time course of spoken word recognition using eye movements: Evidence for continuous mapping models},
  author={Allopenna, Paul D and Magnuson, James S and Tanenhaus, Michael K},
  journal={Journal of memory and language},
  volume={38},
  number={4},
  pages={419--439},
  year={1998},
  publisher={Elsevier}}

@article{arendsen2007,
	Author = {Arendsen, Jeroen and van Doorn, Andrea J and de Ridder, Huib},
	Journal = {Gesture},
	Number = {3},
	Pages = {305--342},
	Publisher = {John Benjamins Publishing Company},
	Title = {When and how well do people see the onset of gestures?},
	Volume = {7},
	Year = {2007}}

@phdthesis{baker1983,
	title={A microanalysis of the nonmanual components of questions in American Sign Language},
	author={Baker-Shenk, Charlotte},
	year={1983},
	school={University of California, Berkeley}}

@article{bavelier2008,
  title={Ordered short-term memory differs in signers and speakers: Implications for models of short-term memory},
  author={Bavelier, Daphne and Newport, Elissa L and Hall, Matt and Supalla, Ted and Boutla, Mrim},
  journal={Cognition},
  volume={107},
  number={2},
  pages={433--459},
  year={2008},
  publisher={Elsevier}}

@book{battison1978,
  title={Lexical borrowing in American sign language.},
  author={Battison, Robbin},
  year={1978},
  publisher={ERIC}}

@article{bosworth2002,
  title={Visual field asymmetries for motion processing in deaf and hearing signers},
  author={Bosworth, Rain G and Dobkins, Karen R},
  journal={Brain and Cognition},
  volume={49},
  number={1},
  pages={170--181},
  year={2002},
  publisher={Elsevier}}

@book{brentari1998,
	Author = {Brentari, Diane},
	Publisher = {Mit Press},
	Title = {A prosodic model of sign language phonology},
	Year = {1998}}

@article{brentari2001,
  title={Native and foreign vocabulary in American Sign Language: A lexicon with multiple origins},
  author={Brentari, Diane and Padden, Carol},
  journal={Foreign vocabulary in sign languages},
  pages={87--120},
  year={2001},
  publisher={Lawrence Erlbaum Associates Mahwah, NJ}}

@article{brentari2006,
	Author = {Brentari, Diane},
	Journal = {Papers in laboratory phonology},
	Pages = {155--164},
	Title = {Effects of language modality on word segmentation: An experimental study of phonological factors in a sign language},
	Volume = {8},
	Year = {2006}}

@article{brouwer2010,
	title={Shadowing reduced speech and alignment},
	author={Brouwer, Susanne and Mitterer, Holger and Huettig, Falk},
	journal={The Journal of the Acoustical Society of America},
	volume={128},
	number={1},
	pages={EL32--EL37},
	year={2010},
	publisher={ASA}}

@article{calvo2005,
	Author = {Calvo-Merino, Beatriz and Glaser, Daniel E and Gr{\`e}zes, Julie and Passingham, Richard E and Haggard, Patrick},
	Journal = {Cerebral cortex},
	Number = {8},
	Pages = {1243--1249},
	Publisher = {Oxford Univ Press},
	Title = {Action observation and acquired motor skills: an FMRI study with expert dancers},
	Volume = {15},
	Year = {2005}
	}

@article{casey2012,
	Author = {Casey, Shannon and Emmorey, Karen and Larrabee, Heather},
	Journal = {Bilingualism: Language and Cognition},
	Number = {04},
	Pages = {677--686},
	Publisher = {Cambridge Univ Press},
	Title = {The effects of learning American Sign Language on co-speech gesture},
	Volume = {15},
	Year = {2012}}

@article{christo1960,
	Author = {Christovich, Leo A},
	Journal = {Akusticheskii Zhurnal},
	Volume = {6},
	Pages = {392--398},
	Year = {1960},
	Title = {Classification of rapidly repeated speech sounds}}

@article{corina1993,
	Author = {Corina, David P and Sandler, Wendy},
	Journal = {Phonology},
	Number = {02},
	Pages = {165--207},
	Publisher = {Cambridge Univ Press},
	Title = {On the nature of phonological structure in sign language},
	Volume = {10},
	Year = {1993}}

@article{corina2006,
  title={Sign language processing and the mirror neuron system},
  author={Corina, David P and Knapp, Heather},
  journal={Cortex},
  volume={42},
  number={4},
  pages={529--539},
  year={2006},
  publisher={Elsevier}}

@article{corina2007,
	Author = {Corina, David P and Chiu, Yi-Shiuan and Knapp, Heather and Greenwald, Ralf and San Jose-Robertson, Lucia and Braun, Allen},
	Journal = {Brain research},
	Pages = {111--129},
	Publisher = {Elsevier},
	Title = {Neural correlates of human action observation in hearing and deaf subjects},
	Volume = {1152},
	Year = {2007}}

@article{corina2016,
  title={Embodiment and American Sign Language},
  author={Corina, David P and Gutierrez, Eva},
  journal={Gesture},
  volume={15},
  number={3},
  pages={291--305},
  year={2016},
  publisher={John Benjamins Publishing Company}}

@article{cormier2008,
  title={One hand or two?: Nativisation of fingerspelling in ASL and BANZSL},
  author={Cormier, Kearsy and Schembri, Adam C and Tyrone, Martha E},
  journal={Sign Language \& Linguistics},
  volume={11},
  number={1},
  pages={3--44},
  year={2008},
  publisher={John Benjamins Publishing Company}}

@article{corsi1972,
  title={Memory and the medial temporal region of the brain},
  author={Corsi, P},
  journal={Unpublished doctoral dissertation), McGill University, Montreal, QB},
  year={1972}}

@article{cross2006,
	Author = {Cross, Emily S and Hamilton, Antonia F de C and Grafton, Scott T},
	Journal = {Neuroimage},
	Number = {3},
	Pages = {1257--1267},
	Publisher = {Elsevier},
	Title = {Building a motor simulation de novo: observation of dance by dancers},
	Volume = {31},
	Year = {2006}}

@article{cross2009,
	Author = {Cross, Emily S and Hamilton, Antonia F de C and Kraemer, David JM and Kelley, William M and Grafton, Scott T},
	Journal = {European Journal of Neuroscience},
	Number = {7},
	Pages = {1383--1392},
	Publisher = {Wiley Online Library},
	Title = {Dissociable substrates for body motion and physical experience in the human action observation network},
	Volume = {30},
	Year = {2009}}

@article{cross2012,
	Author = {Cross, Emily S and Liepelt, Roman and de C, Hamilton and Antonia, F and Parkinson, Jim and Ramsey, Richard and Stadler, Waltraud and Prinz, Wolfgang},
	Journal = {Human brain mapping},
	Number = {9},
	Pages = {2238--2254},
	Publisher = {Wiley Online Library},
	Title = {Robotic movement preferentially engages the action observation network},
	Volume = {33},
	Year = {2012}}

@article{davidson2005,
	Author = {Davidson, Paul R and Wolpert, Daniel M},
	Journal = {Journal of Neural Engineering},
	Number = {3},
	Pages = {S313--S319},
	Publisher = {IOP Publishing},
	Title = {Widespread access to predictive models in the motor system: a short review},
	Volume = {2},
	Year = {2005}}

@article{der2006,
  title={Age and sex differences in reaction time in adulthood: results from the United Kingdom Health and Lifestyle Survey.},
  author={Der, Geoff and Deary, Ian J},
  journal={Psychology and aging},
  volume={21},
  number={1},
  pages={62},
  year={2006},
  publisher={American Psychological Association}}

@article{donoff2018,
  title={Handedness effects of imagined fine motor movements},
  author={Donoff, Christopher M and Madan, Christopher R and Singhal, Anthony},
  journal={Laterality: Asymmetries of Body, Brain and Cognition},
  volume={23},
  number={2},
  pages={228--248},
  year={2018},
  publisher={Taylor \& Francis}
	}

@article{downing2001,
	Author = {Downing, Paul E and Jiang, Yuhong and Shuman, Miles and Kanwisher, Nancy},
	Journal = {Science},
	Number = {5539},
	Pages = {2470--2473},
	Publisher = {American Association for the Advancement of Science},
	Title = {A cortical area selective for visual processing of the human body},
	Volume = {293},
	Year = {2001}}

@article{eccarius2007,
  title={Symmetry and dominance: A cross-linguistic study of signs and classifier constructions},
  author={Eccarius, Petra and Brentari, Diane},
  journal={Lingua},
  volume={117},
  number={7},
  pages={1169--1201},
  year={2007},
  publisher={North-Holland}}

@article{eccarius2008,
  title={Handshape coding made easier: A theoretically based notation for phonological transcription},
  author={Eccarius, Petra and Brentari, Diane},
  journal={Sign Language \& Linguistics},
  volume={11},
  number={1},
  pages={69--101},
  year={2008},
  publisher={John Benjamins Publishing Company}}

@article{emm2003,
	Author = {Emmorey, Karen and McCullough, Stephen and Brentari, Diane},
	Journal = {Language and Cognitive Processes},
	Number = {1},
	Pages = {21--45},
	Publisher = {Taylor \& Francis},
	Title = {Categorical perception in american sign language},
	Volume = {18},
	Year = {2003}}

@article{emm2009,
  title={Visual feedback and self-monitoring of sign language},
  author={Emmorey, Karen and Bosworth, Rain and Kraljic, Tanya},
  journal={Journal of Memory and Language},
  volume={61},
  number={3},
  pages={398--411},
  year={2009},
  publisher={Elsevier}}

@article{emm2010,
	Author = {Emmorey, Karen and Xu, Jiang and Gannon, Patrick and Goldin-Meadow, Susan and Braun, Allen},
	Journal = {Neuroimage},
	Number = {1},
	Pages = {994--1005},
	Publisher = {Elsevier},
	Title = {CNS activation and regional connectivity during pantomime observation: No engagement of the mirror neuron system for deaf signers},
	Volume = {49},
	Year = {2010}}

@article{emm2016,
  title={The neural circuits recruited for the production of signs and fingerspelled words},
  author={Emmorey, Karen and Mehta, Sonya and McCullough, Stephen and Grabowski, Thomas J},
  journal={Brain and language},
  volume={160},
  pages={30--41},
  year={2016},
  publisher={Elsevier}}

@article{emm2017,
  title={The relation between working memory and language comprehension in signers and speakers},
  author={Emmorey, Karen and Giezen, Marcel R and Petrich, Jennifer AF and Spurgeon, Erin and Farnady, Lucinda O'Grady},
  journal={Acta psychologica},
  volume={177},
  pages={69--77},
  year={2017},
  publisher={Elsevier}}

@article{ericsson1996,
	Author = {Ericsson, K Anders and Lehmann, Andreas C},
	Journal = {Annual review of psychology},
	Number = {1},
	Pages = {273--305},
	Publisher = {Annual Reviews 4139 El Camino Way, PO Box 10139, Palo Alto, CA 94303-0139, USA},
	Title = {Expert and exceptional performance: Evidence of maximal adaptation to task constraints},
	Volume = {47},
	Year = {1996}}

@article{ferbert1992,
  title={Interhemispheric inhibition of the human motor cortex.},
  author={Ferbert, A and Priori, A and Rothwell, JC and Day, BL and Colebatch, JG and Marsden, CD},
  journal={The Journal of physiology},
  volume={453},
  number={1},
  pages={525--546},
  year={1992},
  publisher={Wiley Online Library}}

@article{fowler2003,
	title={Rapid access to speech gestures in perception: Evidence from choice and simple response time tasks},
	author={Fowler, Carol A and Brown, Julie M and Sabadini, Laura and Weihing, Jeffrey},
	journal={Journal of memory and language},
	volume={49},
	number={3},
	pages={396--413},
	year={2003},
	publisher={Elsevier}}

@article{freyd1992,
	Author = {Freyd, JJ and Miller, GF},
	Journal = {Paper presented at the Annual Meeting of the Psychonomic Society, St. Louis, MO, November, 1992},
	Title = {Creature motion},
	Year = {1992}}

@article{gallese2007,
	Author = {Gallese, Vittorio},
	Journal = {Philosophical Transactions of the Royal Society B: Biological Sciences},
	Number = {1480},
	Pages = {659--669},
	Publisher = {The Royal Society},
	Title = {Before and below `theory of mind': embodied simulation and the neural correlates of social cognition},
	Volume = {362},
	Year = {2007}}

@article{gambi2013,
	title={Prediction and imitation in speech},
	author={Gambi, Chiara and Pickering, Martin John},
	journal={Frontiers in psychology},
	volume={4},
	pages={340},
	year={2013},
	publisher={Frontiers}}

@inproceedings{geer2014,
  title={Exploring factors that contribute to successful fingerspelling comprehension.},
  author={Geer, Leah and Keane, Jonathan},
  booktitle={LREC},
  pages={1905--1910},
  year={2014}}

@phdthesis{geer2016,
  title={Teaching ASL fingerspelling to second-language learners: Explicit versus implicit phonetic training},
  author={Geer, Leah},
  year={2016},
  school={The University of Texas at Austin}}

article{greer2017,
  crossref={geer2017}}

@article{geer2017,
  title={Improving ASL fingerspelling comprehension in L2 learners with explicit phonetic instruction},
  author={Geer, Leah and Keane, Jonathan},
  journal={Language Teaching Research},
  pages={1--19},
  year={2017},
  publisher={SAGE Publications Sage UK: London, England}}

@article{grossmann2013,
	Author = {Grossmann, Tobias and Cross, Emily S and Ticini, Luca F and Daum, Moritz M},
	Journal = {Social neuroscience},
	Number = {1},
	Pages = {22--30},
	Publisher = {Taylor \& Francis},
	Title = {Action observation in the infant brain: the role of body form and motion},
	Volume = {8},
	Year = {2013}}

@article{grosvald2012,
  title={The perceptibility of long-distance coarticulation in speech and sign: A study of English and American Sign Language},
  author={Grosvald, Michael and Corina, David P},
  journal={Sign Language \& Linguistics},
  volume={15},
  number={1},
  pages={73--103},
  year={2012},
  publisher={John Benjamins Publishing Company}}

@article{grosvald2012monitor,
  title={Handshape monitoring: Evaluation of linguistic and perceptual factors in the processing of American Sign Language},
  author={Grosvald, Michael and Lachaud, Christian and Corina, David P},
  journal={Language and cognitive processes},
  volume={27},
  number={1},
  pages={117--141},
  year={2012},
  publisher={Taylor \& Francis}}

@article{hall2010,
  title={Working memory, deafness, and sign language},
  author={Hall, Matthew L and Bavelier, Daphne},
  journal={The Oxford Handbook of Deaf Studies, Language, and Education, eds M. Marksharks and PE Spencer (New York, NY: Oxford University Press)},
  volume={2},
  pages={458--475},
  year={2010}}

@article{hall2011,
  title={Short-term memory stages in sign vs. speech: The source of the serial span discrepancy},
  author={Hall, Matthew L and Bavelier, Daphne},
  journal={Cognition},
  volume={120},
  number={1},
  pages={54--66},
  year={2011},
  publisher={Elsevier}}

@article{hanson1981,
  title={When a word is not the sum of its letters: Fingerspelling and spelling},
  author={Hanson, Vicki L},
  journal={Haskins Laboratories Status Report on Speech Research},
  volume={65},
  pages={145--155},
  year={1981},
  publisher={ERIC}}

@incollection{harnad2003,
	Author = {Harnad, Stevan},
	Booktitle = {Encyclopedia of cognitive science},
	Number = {4},
	Publisher = {MacMillan: Nature Publishing Group},
	Title = {Categorical perception},
	Volume = {67},
	Year = {2003}}

@book{hardcastle2006,
	Author = {Hardcastle, William J and Hewlett, Nigel},
	Publisher = {Cambridge University Press},
	Title = {Coarticulation: Theory, data and techniques},
	Year = {2006}}

@inproceedings{haruno2003,
	Author = {Haruno, Masahiko and Wolpert, Daniel M and Kawato, Mitsuo},
	Booktitle = {International congress series},
	Organization = {Elsevier},
	Pages = {575--590},
	Title = {Hierarchical MOSAIC for movement generation},
	Volume = {1250},
	Year = {2003}}

@article{haueisen2001,
	Author = {Haueisen, Jens and Kn{\"o}sche, Thomas R},
	Journal = {Journal of cognitive neuroscience},
	Number = {6},
	Pages = {786--792},
	Publisher = {MIT Press},
	Title = {Involuntary motor activity in pianists evoked by music perception},
	Volume = {13},
	Year = {2001}}

article{heuttig2016,
  crossref={huettig2016}}  

@article{huettig2016,
  title={Individual differences in working memory and processing speed predict anticipatory spoken language processing in the visual world},
  author={Huettig, Falk and Janse, Esther},
  journal={Language, Cognition and Neuroscience},
  volume={31},
  number={1},
  pages={80--93},
  year={2016},
  publisher={Taylor \& Francis}}

@article{hickok1996,
  title={The role of the left frontal operculum in sign language aphasia},
  author={Hickok, Gregory and Kritchevsky, Mark and Bellugi, Ursula and Klima, Edward S},
  journal={Neurocase},
  volume={2},
  number={5},
  pages={373--380},
  year={1996},
  publisher={Taylor \& Francis}}

@article{hickok2009,
  title={Neural dissociation in the production of lexical versus classifier signs in ASL: Distinct patterns of hemispheric asymmetry},
  author={Hickok, Gregory and Pickell, Herbert and Klima, Edward and Bellugi, Ursula},
  journal={Neuropsychologia},
  volume={47},
  number={2},
  pages={382--387},
  year={2009},
  publisher={Elsevier}}

@article{hickok2011,
  title={Sensorimotor integration in speech processing: computational basis and neural organization},
  author={Hickok, Gregory and Houde, John and Rong, Feng},
  journal={Neuron},
  volume={69},
  number={3},
  pages={407--422},
  year={2011},
  publisher={Elsevier}}

@article{honorof2011,
	Author = {Honorof, Douglas N and Weihing, Jeffrey and Fowler, Carol A},
	Journal = {Journal of Phonetics},
	Number = {1},
	Pages = {18--38},
	Publisher = {Elsevier},
	Title = {Articulatory events are imitated under rapid shadowing},
	Volume = {39},
	Year = {2011}}

article{hoseman2013,
	crossref = {hosemann2013}}

@article{hosemann2013,
  Author = {Hosemann, Jana and Herrmann, Annika and Steinbach, Markus and Bornkessel-Schlesewsky, Ina and Schlesewsky, Matthias},
  Journal = {Neuropsychologia},
  Number = {11},
  Pages = {2224--2237},
  Publisher = {Elsevier},
  Title = {Lexical prediction via forward models: N400 evidence from German Sign Language},
  Volume = {51},
  Year = {2013}}

@article{hubbard1988,
	Author = {Hubbard, Timothy L and Bharucha, Jamshed J},
	Journal = {Perception \& Psychophysics},
	Number = {3},
	Pages = {211--221},
	Publisher = {Springer},
	Title = {Judged displacement in apparent vertical and horizontal motion},
	Volume = {44},
	Year = {1988}}

@article{hubbard2005,
	Author = {Hubbard, Timothy L},
	Journal = {Psychonomic Bulletin \& Review},
	Number = {5},
	Pages = {822--851},
	Publisher = {Springer},
	Title = {Representational momentum and related displacements in spatial memory: A review of the findings},
	Volume = {12},
	Year = {2005}}

@article{hurley2008,
	Author = {Hurley, Susan},
	Journal = {Behavioral and Brain Sciences},
	Number = {01},
	Pages = {1--22},
	Publisher = {Cambridge Univ Press},
	Title = {The shared circuits model (SCM): How control, mirroring, and simulation can enable imitation, deliberation, and mindreading},
	Volume = {31},
	Year = {2008}}

@article{jantunen2013,
  title={Signs and transitions: Do they differ phonetically and does it matter?},
  author={Jantunen, Tommi},
  journal={Sign Language Studies},
  volume={13},
  number={2},
  pages={211--237},
  year={2013},
  publisher={Gallaudet University Press}
	}

@article{jantunen2015,
  title={How long is the sign?},
  author={Jantunen, Tommi},
  journal={Linguistics},
  volume={53},
  number={1},
  pages={93--124},
  year={2015},
  publisher={De Gruyter Mouton}
	}

@article{keane2012,
  title={Coarticulation in ASL fingerspelling},
  author={Keane, Jonathan and Brentari, Diane and Riggle, Jason},
  journal={Proceedings of the North East Linguistic Society, UMass Amherst, Amherst},
  pages={261--272},
  year={2012}}

@article{keane2017,
  title={A theory-driven model of handshape similarity},
  author={Keane, Jonathan and Sehyr, Zed Sevcikova and Emmorey, Karen and Brentari, Diane},
  journal={Phonology},
  volume={34},
  number={2},
  pages={221--241},
  year={2017},
  publisher={Cambridge University Press}}

@book{kendon2004,
	Author = {Kendon, Adam},
	Publisher = {Cambridge University Press},
	Title = {Gesture: Visible action as utterance},
	Year = {2004}}

@article{klima1999,
	Author = {Klima, Edward S and Tzeng, Ovid JL and Fok, YYA and Bellugi, Ursula and Corina, David P and Bettger, Jeffrey G},
	Journal = {Journal of Chinese Linguistics Monograph Series},
	Pages = {96--129},
	Publisher = {JSTOR},
	Title = {From sign to script: Effects of linguistic experience on perceptual categorization},
	Year = {1999}}

@article{knoblich2001,
	Author = {Knoblich, G{\"u}nther and Flach, R{\"u}diger},
	Journal = {Psychological science},
	Number = {6},
	Pages = {467--472},
	Publisher = {SAGE Publications Sage CA: Los Angeles, CA},
	Title = {Predicting the effects of actions: Interactions of perception and action},
	Volume = {12},
	Year = {2001}}

@article{knoblich2002,
	Author = {Knoblich, G{\"u}nther and Seigerschmidt, Eva and Flach, R{\"u}diger and Prinz, Wolfgang},
	Journal = {The Quarterly Journal of Experimental Psychology: Section A},
	Number = {3},
	Pages = {1027--1046},
	Publisher = {Taylor \& Francis},
	Title = {Authorship effects in the prediction of handwriting strokes: Evidence for action simulation during action perception},
	Volume = {55},
	Year = {2002}}

@article{koeneke2004,
  title={Bimanual versus unimanual coordination: what makes the difference?},
  author={Koeneke, Susan and Lutz, Kai and W{\"u}stenberg, Torsten and J{\"a}ncke, Lutz},
  journal={Neuroimage},
  volume={22},
  number={3},
  pages={1336--1350},
  year={2004},
  publisher={Elsevier}}

@article{knocke2004,
  title={Bimanual versus unimanual coordination: what makes the difference?},
  author={Koeneke, Susan and Lutz, Kai and W{\"u}stenberg, Torsten and J{\"a}ncke, Lutz},
  journal={Neuroimage},
  volume={22},
  number={3},
  pages={1336--1350},
  year={2004},
  publisher={Elsevier}}

@article{kutas2011,
  title={A look around at what lies ahead: Prediction and predictability in language processing},
  author={Kutas, Marta and DeLong, Katherine A and Smith, Nathaniel J},
  journal={Predictions in the brain: Using our past to generate a future},
  volume={190207},
  year={2011}
	}

@article{lo2015,
  title={To transform or not to transform: Using generalized linear mixed models to analyse reaction time data},
  author={Lo, Steson and Andrews, Sally},
  journal={Frontiers in Psychology},
  volume={6},
  pages={1171},
  year={2015},
  publisher={Frontiers}}

@article{madan2013,
  title={Introducing TAMI: an objective test of ability in movement imagery},
  author={Madan, Christopher R and Singhal, Anthony},
  journal={Journal of motor behavior},
  volume={45},
  number={2},
  pages={153--166},
  year={2013},
  publisher={Taylor \& Francis}
	}

phdthesis{mandel1985,
  crossref = {mandel1981}} 

@phdthesis{mandel1981, 
  title={Phonotactics and morphophonology in American Sign language},
  author={Mandel, Mark},
  year={1981},
  school={University of California, Berkeley}} 

@article{marslen1973,
	Author = {Marslen-Wilson, William D},
	Journal = {Nature},
	Publisher = {Nature Publishing Group},
	Title = {Linguistic structure and speech shadowing at very short latencies.},
	Year = {1973}}

@article{marslen1978,
	title={Processing interactions and lexical access during word recognition in continuous speech},
	author={Marslen-Wilson, William D and Welsh, Alan},
	journal={Cognitive psychology},
	volume={10},
	number={1},
	pages={29--63},
	year={1978},
	publisher={Elsevier}}

@article{marslen1985,
	title={Speech shadowing and speech comprehension},
	author={Marslen-Wilson, William D},

	journal={Speech communication},
	volume={4},
	number={1-3},
	pages={55--73},
	year={1985},
	publisher={Elsevier}}

@phdthesis{mauk2003, 
  title={Undershoot in two modalities: Evidence from fast speech and fast signing},
  author={Mauk, Claude Edward},
  year={2003},
  school={The University of Texas at Austin}} 

@inproceedings{mauk2008,
  title={Sign lowering as phonetic reduction in American Sign Language},
  author={Mauk, Claude E and Tyrone, Martha E and Sock, R and Fuchs, S and Laprie, Y},
  booktitle={Proceedings of the 2008 International Seminar on Speech Production},
  pages={185--188},
  year={2008},
  organization={Citeseer}}

@article{maxwell1988,
  title={The Alphabetic Principle and Fingerspelling.},
  author={Maxwell, Madeline M},
  journal={Sign Language Studies},
  volume={61},
  pages={377--404},
  year={1988},
  publisher={ERIC}}

@article{meade2018,
  title={Phonological and semantic priming in American Sign Language: N300 and N400 effects},
  author={Meade, Gabriela and Lee, Brittany and Midgley, Katherine J and Holcomb, Phillip J and Emmorey, Karen},
  journal={Language, Cognition and Neuroscience},
  pages={1--15},
  year={2018},
  publisher={Taylor \& Francis}
	}

article{meir2006,
  crossref = {meier2006}}

@article{meier2006,
  title={The form of early signs: Explaining signing children’s articulatory development},
  author={Meier, Richard P},
  journal={Advances in the sign language development of deaf children},
  pages={202--230},
  year={2006},
  publisher={Oxford University Press New York, NY}}

@article{miller2013,
	title={Is speech alignment to talkers or tasks?},
	author={Miller, Rachel M and Sanchez, Kauyumari and Rosenblum, Lawrence D},
	journal={Attention, Perception, \& Psychophysics},
	volume={75},
	number={8},
	pages={1817--1826},
	year={2013},
	publisher={Springer}}

@article{mitterer2008,
	Author = {Mitterer, Holger and Ernestus, Mirjam},
	Journal = {Cognition},
	Number = {1},
	Pages = {168--173},
	Publisher = {Elsevier},
	Title = {The link between speech perception and production is phonological and abstract: Evidence from the shadowing task},
	Volume = {109},
	Year = {2008}}

@article{mottonen2009,
	Author = {M{\"o}tt{\"o}nen, Riikka and Watkins, Kate E},
	Journal = {Journal of Neuroscience},
	Number = {31},
	Pages = {9819--9825},
	Publisher = {Soc Neuroscience},
	Title = {Motor representations of articulators contribute to categorical perception of speech sounds},
	Volume = {29},
	Year = {2009}}

@book{mcneill1992,
  title={Hand and mind: What gestures reveal about thought},
  author={McNeill, David},
  year={1992},
  publisher={University of Chicago press}}

@article{newman2015,
	Author = {Newman, Aaron J and Supalla, Ted and Fernandez, Nina and Newport, Elissa L and Bavelier, Daphne},
	Journal = {Proceedings of the National Academy of Sciences},
	Number = {37},
	Pages = {11684--11689},
	Publisher = {National Acad Sciences},
	Title = {Neural systems supporting linguistic structure, linguistic experience, and symbolic communication in sign language and gesture},
	Volume = {112},
	Year = {2015}}

@article{nye2003,
	title={Shadowing latency and imitation: the effect of familiarity with the phonetic patterning of English},
	author={Nye, Patrick W and Fowler, Carol A},
	journal={Journal of Phonetics},
	volume={31},
	number={1},
	pages={63--79},
	year={2003},
	publisher={Elsevier}}

@article{ochipa1997,
  title={Selective deficit of praxis imagery in ideomotor apraxia},
  author={Ochipa, Cynthia and Rapcsak, Steven Z and Maher, Lynn M and Rothi, Leslie J Gonzalez and Bowers, Dawn and Heilman, Kenneth M},
  journal={Neurology},
  volume={49},
  number={2},
  pages={474--480},
  year={1997},
  publisher={AAN Enterprises}}

@article{oldfield1971,
  title={The assessment and analysis of handedness: the Edinburgh inventory},
  author={Oldfield, Richard C},
  journal={Neuropsychologia},
  volume={9},
  number={1},
  pages={97--113},
  year={1971},
  publisher={Elsevier}}

@article{orfanidou2009,
	Author = {Orfanidou, Eleni and Adam, Robert and McQueen, James M and Morgan, Gary},
	Journal = {Memory \& cognition},
	Number = {3},
	Pages = {302--315},
	Publisher = {Springer},
	Title = {Making sense of nonsense in British Sign Language (BSL): The contribution of different phonological parameters to sign recognition},
	Volume = {37},
	Year = {2009}}

@inproceedings{ortega2013b,
	title={Gesture-sign interface in hearing non-signers' first exposure to sign},
	author={Ortega, Gerardo and Ozyurek, Asli},
	booktitle={the Tilburg Gesture Research Meeting [TiGeR 2013]},
	year={2013}}

@phdthesis{ortega2013,
	title={Acquisition of a signed phonological system by hearing adults: The Role of sign structure and iconcity},
	author={Ortega-Delgado, Gerardo},
	year={2013},
	school={UCL (University College London)}}

@book{PIAT,
  title={Peabody individual achievement test-revised},
  author={Markwardt, Frederick C},
  year={1989},
  publisher={American Guidance Service Circle Pines, MN}}

@article{pichler2011,
	title={Sources of handshape error in first-time signers of ASL},
	author={Pichler, Deborah Chen and Mathur, G and Napoli, DJ},
	journal={Deaf around the world: The impact of language},
	pages={96--121},
	year={2011},
	publisher={Oxford University Press Oxford}}

@article{pichler2015,
	title={Acquisition of Sign Language as a Second Language (L2)},
	author={Pichler, Deborah Chen and Koulidobrova, Helen},
	journal={The Oxford Handbook of Deaf Studies in Language},
	pages={218},
	year={2015},
	publisher={Oxford University Press}}

@article{pier2014,
  title={Anatomical or mirror mode imitation? A behavioral approach.},
  author={Pierpaoli, C and Ferrante, L and Manzoni, T and Fabri, M},
  journal={Archives italiennes de biologie},
  volume={152},
  number={1},
  pages={20--31},
  year={2014}}

article{PG13,
	crossref = {PG}}
@article{PG,
	Author = {Pickering, Martin J and Garrod, Simon},
	Journal = {Behavioral and Brain Sciences},
	Number = {04},
	Pages = {329--347},
	Publisher = {Cambridge Univ Press},
	Title = {An integrated theory of language production and comprehension},
	Volume = {36},
	Year = {2013}}

@article{post2007,
  title={Reduced cortical activity during maximal bilateral contractions of the index finger},
  author={Post, Marijn and van Duinen, Hiske and Steens, Anneke and Renken, Remco and Kuipers, Bart and Maurits, Natasha and Zijdewind, Inge},
  journal={Neuroimage},
  volume={35},
  number={1},
  pages={16--27},
  year={2007},
  publisher={Elsevier}}

@article{psyscope,
  title={PsyScope: A new graphic interactive environment for designing psychology experiments},
  author={Cohen, Jonathan D},
  journal={Behavioral Research Methods, Instuments, and Computers},
  volume={25},
  number={2},
  pages={257--271},
  year={1993}}

@article{pulvermuller2010,
	Author = {Pulverm{\"u}ller, Friedemann and Fadiga, Luciano},
	Journal = {Nature Reviews Neuroscience},
	Number = {5},
	Pages = {351--360},
	Publisher = {Nature Publishing Group},
	Title = {Active perception: sensorimotor circuits as a cortical basis for language},
	Volume = {11},
	Year = {2010}}

@article{pulvermuller2006,
	Author = {Pulverm{\"u}ller, Friedemann and Huss, Martina and Kherif, Ferath and del Prado Martin, Fermin Moscoso and Hauk, Olaf and Shtyrov, Yury},
	Journal = {Proceedings of the National Academy of Sciences},
	Number = {20},
	Pages = {7865--7870},
	Publisher = {National Acad Sciences},
	Title = {Motor cortex maps articulatory features of speech sounds},
	Volume = {103},
	Year = {2006}}

@Manual{R,
	title = {R: A Language and Environment for Statistical Computing},
	author = {{R Core Team}},
	organization = {R Foundation for Statistical Computing},
	address = {Vienna, Austria},
	year = {2016},
	url = {https://www.R-project.org/}}

@article{reilly1996,
	title={Competition on the face: Affect and language in ASL motherese},
	author={Reilly, Judy Snitzer and Bellugi, Ursula},
	journal={Journal of child language},
	volume={23},
	number={01},
	pages={219--239},
	year={1996},
	publisher={Cambridge Univ Press}}

@article{rizzolatti2004,
	Author = {Rizzolatti, Giacomo and Craighero, Laila},
	Journal = {Annu. Rev. Neurosci.},
	Pages = {169--192},
	Publisher = {Annual Reviews},
	Title = {The mirror-neuron system},
	Volume = {27},
	Year = {2004}}

@article{sabate2004,
  title={Brain lateralization of motor imagery: motor planning asymmetry as a cause of movement lateralization},
  author={Sabate, Magdalena and Gonzalez, Belen and Rodriguez, Manuel},
  journal={Neuropsychologia},
  volume={42},
  number={8},
  pages={1041--1049},
  year={2004},
  publisher={Elsevier}}

@book{sandler2006,
	Author = {Sandler, Wendy and Lillo-Martin, Diane},
	Publisher = {Cambridge University Press},
	Title = {Sign language and linguistic universals},
	Year = {2006}}

@article{scarbel2018,
  title={Auditory and Audiovisual Close Shadowing in Post-Lingually Deaf Cochlear-Implanted Patients and Normal-Hearing Elderly Adults},
  author={Scarbel, Lucie and Beautemps, Denis and Schwartz, Jean-Luc and Sato, Marc},
  journal={Ear and hearing},
  volume={39},
  number={1},
  pages={139--149},
  year={2018},
  publisher={LWW}}

@phdthesis{sharma2014,
  title={Handedness and cerebral lateralisation: looking at signing, fingerspelling and gesture skills in deaf signers and signers with stroke in British Sign Language (BSL)},
  author={Sharma, SD},
  year={2014},
  school={UCL (University College London)}}

@phdthesis{schwarz2000,
  title={The perceptual relevance of transitions between segments in the fingerspelled signal},
  author={Schwarz, Amy Louise},
  year={2000},
  school={University of Texas at Austin}}

@article{shield2018,
  title={Learning an Embodied Visual Language: Four Imitation Strategies Available to Sign Learners},
  author={Shield, Aaron and Meier, Richard P},
  journal={Frontiers in Psychology},
  volume={9},
  pages={811},
  year={2018},
  publisher={Frontiers}}

@article{stata14,
  title={Stata statistical software: Release 14},
  author={StataCorp},
  journal={College Station, TX: StataCorp LP},
  year={2015}}

@article{stokoe2005,
  title={Sign language structure: An outline of the visual communication systems of the American deaf},
  author={Stokoe, William C},
  journal={Journal of deaf studies and deaf education},
  volume={10},
  number={1},
  pages={3--37},
  year={2005},
  publisher={Oxford University Press},
  note = {Reprint of original work published 1960}}

% article{stokoe2005,
	% 	Author = {Stokoe, William C},
	% 	Journal = {Journal of deaf studies and deaf education},
	% 	Number = {1},
	% 	Pages = {3--37},
	% 	Publisher = {Oxford Univ Press},
	% 	Title = {Sign language structure: An outline of the visual communication systems of the American deaf},
	% 	Volume = {10},
	% 	Year = {2005},
	% 	note = "Reprint of original work published 1960"}

@article{stone2018,
  title={Visual sonority modulates infants’ attraction to sign language},
  author={Stone, Adam and Petitto, Laura-Ann and Bosworth, Rain},
  journal={Language Learning and Development},
  volume={14},
  number={2},
  pages={130--148},
  year={2018},
  publisher={Taylor \& Francis}}

@article{swick2008,
  title={Left inferior frontal gyrus is critical for response inhibition},
  author={Swick, Diane and Ashley, Victoria and Turken, U},
  journal={BMC neuroscience},
  volume={9},
  number={1},
  pages={102},
  year={2008},
  publisher={BioMed Central}}

@article{teichroew1982,
	title={Receptive versus productive vocabulary: A survey},
	author={TEICHROEW, FRANCINE J MELKA},
	journal={Interlanguage Studies Bulletin},
	pages={5--33},
	year={1982},
	publisher={JSTOR}}

@article{ten2009,
  title={Which fragments of a sign enable its recognition?},
  author={Ten Holt, GA and Van Doorn, AJ and de Ridder, Huib and Reinders, MJT and Hendriks, EA},
  journal={Sign Language Studies},
  volume={9},
  number={2},
  pages={211--239},
  year={2009},
  publisher={Gallaudet University Press}
	}

@article{thompson2005,
	Author = {Thompson, James C and Clarke, Michele and Stewart, Tennille and Puce, Aina},
	Journal = {Journal of Neuroscience},
	Number = {39},
	Pages = {9059--9066},
	Publisher = {Soc Neuroscience},
	Title = {Configural processing of biological motion in human superior temporal sulcus},
	Volume = {25},
	Year = {2005}}

@article{thompson2006,
	title={The relationship between eye gaze and verb agreement in American Sign Language: An eye-tracking study},
	author={Thompson, Robin and Emmorey, Karen and Kluender, Robert},
	journal={Natural Language \& Linguistic Theory},
	volume={24},
	number={2},
	pages={571--604},
	year={2006},
	publisher={Springer}}

@article{tian2010,
	Author = {Tian, Xing and Poeppel, David},
	Journal = {Frontiers in Psychology},
	Pages = {166},
	Publisher = {Frontiers},
	Title = {Mental imagery of speech and movement implicates the dynamics of internal forward models},
	Volume = {1},
	Year = {2010}}

@article{tourville2008,
	Author = {Tourville, Jason A and Reilly, Kevin J and Guenther, Frank H},
	Journal = {Neuroimage},
	Number = {3},
	Pages = {1429--1443},
	Publisher = {Elsevier},
	Title = {Neural mechanisms underlying auditory feedback control of speech},
	Volume = {39},
	Year = {2008}}

@article{van1997,
  title={A theoretical framework for the characterization of pathological speech sensorimotor control},
  author={Van der Merwe, Anita and McNeil, MR},
  journal={Clinical management of sensorimotor speech disorders},
  volume={2},
  pages={3--18},
  year={1997}
	}

@article{vine2006,
  title={Contralateral and ipsilateral motor effects after transcranial direct current stimulation},
  author={Vines, Bradley W and Nair, Dinesh G and Schlaug, Gottfried},
  journal={Neuroreport},
  volume={17},
  number={6},
  pages={671--674},
  year={2006},
  publisher={LWW}}

@article{vine2008a,
  title={Dual-hemisphere tDCS facilitates greater improvements for healthy subjects' non-dominant hand compared to uni-hemisphere stimulation},
  author={Vines, Bradley W and Cerruti, Carlo and Schlaug, Gottfried},
  journal={BMC neuroscience},
  volume={9},
  number={1},
  pages={103},
  year={2008},
  publisher={BioMed Central}}

@article{vine2008b,
  title={Modulating activity in the motor cortex affects performance for the two hands differently depending upon which hemisphere is stimulated},
  author={Vines, Bradley W and Nair, Dinesh and Schlaug, Gottfried},
  journal={European Journal of Neuroscience},
  volume={28},
  number={8},
  pages={1667--1673},
  year={2008},
  publisher={Wiley Online Library}}

@article{watkins2017,
  title={The relationship between sign production and sign comprehension: What handedness reveals},
  author={Watkins, Freya and Thompson, Robin L},
  journal={Cognition},
  volume={164},
  pages={144--149},
  year={2017},
  publisher={Elsevier}
	}

@article{wechsler2014,
  title={Wechsler adult intelligence scale--Fourth Edition (WAIS--IV)},
  author={Wechsler, David},
  journal={San Antonio, Texas: Psychological Corporation},
  year={2014}}

@article{wheatley2007,
	Author = {Wheatley, Thalia and Milleville, Shawn C and Martin, Alex},
	Journal = {Psychological science},
	Number = {6},
	Pages = {469--474},
	Publisher = {SAGE Publications},
	Title = {Understanding animate agents distinct roles for the social network and mirror system},
	Volume = {18},
	Year = {2007}}

@article{wilbur2000,
	Author = {Wilbur, Ronnie B},
	Journal = {The signs of language revisited: An anthology to honor Ursula Bellugi and Edward Klima},
	Pages = {215--244},
	Title = {Phonological and prosodic layering of nonmanuals in American Sign Language},
	Year = {2000}}

@book{wilcox1992,
  title={The phonetics of fingerspelling},
  author={Wilcox, Sherman},
  volume={4},
  year={1992},
  publisher={John Benjamins Publishing}}

@article{williams2015,
	Author = {Williams, Joshua T and Newman, Sharlene D},
	Journal = {Journal of deaf studies and deaf education},
	Pages = {env055},
	Publisher = {Oxford Univ Press},
	Title = {Impacts of visual sonority and handshape markedness on second language learning of american sign language},
	Year = {2015}}

@article{williams2016,
	Author = {Williams, Joshua T and Darcy, Isabelle and Newman, Sharlene D},
	Journal = {Cortex},
	Pages = {56--67},
	Publisher = {Elsevier},
	Title = {Modality-specific processing precedes amodal linguistic processing during L2 sign language acquisition: A longitudinal study},
	Volume = {75},
	Year = {2016}}

@article{wilson1997,
  title={A visuospatial “phonological loop” in working memory: Evidence from American Sign Language},
  author={Wilson, Margaret and Emmorey, Karen},
  journal={Memory \& Cognition},
  volume={25},
  number={3},
  pages={313--320},
  year={1997},
  publisher={Springer}}

@article{wilson2005,
  title={The case for motor involvement in perceiving conspecifics.},
  author={Wilson, Margaret and Knoblich, G{\"u}nther},
  journal={Psychological bulletin},
  volume={131},
  number={3},
  pages={460},
  year={2005},
  publisher={American Psychological Association}}

@article{wilson2010,
	Author = {Wilson, Margaret and Lancaster, Jessy and Emmorey, Karen},
	Journal = {Cognition},
	Number = {2},
	Pages = {242--250},
	Publisher = {Elsevier},
	Title = {Representational momentum for the human body: Awkwardness matters, experience does not},
	Volume = {116},
	Year = {2010}}

@article{wolpert1997,
	Author = {Wolpert, Daniel M},
	Journal = {Trends in cognitive sciences},
	Number = {6},
	Pages = {209--216},
	Publisher = {Elsevier},
	Title = {Computational approaches to motor control},
	Volume = {1},
	Year = {1997}}

@article{wu2014,
  title={A psychometric measure of working memory capacity for configured body movement},
  author={Wu, Ying Choon and Coulson, Seana},
  journal={PloS one},
  volume={9},
  number={1},
  pages={e84834},
  year={2014},
  publisher={Public Library of Science}
	}

@article{yee2006,
	title={Eye movements to pictures reveal transient semantic activation during spoken word recognition.},
	author={Yee, Eiling and Sedivy, Julie C},
	journal={Journal of Experimental Psychology: Learning, Memory, and Cognition},
	volume={32},
	number={1},
	pages={1},
	year={2006},
	publisher={American Psychological Association}}

@article{zhang2012,
	title={Microsoft kinect sensor and its effect},
	author={Zhang, Zhengyou},
	journal={IEEE multimedia},
	volume={19},
	number={2},
	pages={4--10},
	year={2012},
	publisher={IEEE}}